<?xml version="1.0" encoding="utf-8"?>
<record xmlns="http://www.loc.gov/MARC21/slim" xmlns:xsi="http://www.w3.org/2001/XMLSchema-instance" xsi:schemaLocation="http://www.loc.gov/MARC21/slim http://www.loc.gov/standards/marcxml/schema/MARC21slim.xsd">
	<leader>
		03542nam a2200517   4500
	</leader>
	<controlfield tag="001">
		1150219
	</controlfield>
	<controlfield tag="003">
		NjP
	</controlfield>
	<controlfield tag="006">
		m        d        
	</controlfield>
	<controlfield tag="007">
		cr cn |||m|||a
	</controlfield>
	<controlfield tag="008">
		151002q19171930mr      o     000 0 ara d
	</controlfield>
	<datafield ind1=" " ind2=" " tag="040">
		<subfield code="a">
			NNU
		</subfield>
		<subfield code="b">
			eng
		</subfield>
		<subfield code="e">
			rda
		</subfield>
		<subfield code="c">
			NNU
		</subfield>
	</datafield>
	<datafield ind1=" " ind2="4" tag="050">
		<subfield code="a">
			KBP320.I2624
		</subfield>
		<subfield code="b">
			A3836
		</subfield>
	</datafield>
	<datafield ind1="1" ind2=" " tag="100">
		<subfield code="6">
			880-01
		</subfield>
		<subfield code="a">
			Manyārī, Muḥammad Lamufaḍḍal bin Laghimārī.
		</subfield>
	</datafield>
	<datafield ind1="1" ind2="0" tag="240">
		<subfield code="6">
			880-02
		</subfield>
		<subfield code="a">
			Khatmat al-Manyārī ʻalá Tuḥfat al-ḥukkām
		</subfield>
	</datafield>
	<datafield ind1="1" ind2="0" tag="245">
		<subfield code="6">
			880-03
		</subfield>
		<subfield code="a">
			Khatmat al-faqīh al-ʻallāmah al-mudarris al-Sayyid Muḥammad Lamufaḍḍal bin Laghmārī al-Ḥarīzī al-Manyārī qāḍī qabīlat al-Ziyādīyah ʻalá Tuḥfat al-ḥukkām li-Ibn ʻĀṣim.
		</subfield>
	</datafield>
	<datafield ind1="3" ind2="0" tag="246">
		<subfield code="6">
			880-04
		</subfield>
		<subfield code="a">
			Khatmah ʻalá Tuḥfat al-ḥukkām
		</subfield>
	</datafield>
	<datafield ind1=" " ind2=" " tag="260">
		<subfield code="6">
			880-05
		</subfield>
		<subfield code="a">
			[Fès] :
		</subfield>
		<subfield code="b">
			[publisher not identified],
		</subfield>
		<subfield code="c">
			[between 1917 and 1930]
		</subfield>
	</datafield>
	<datafield ind1=" " ind2=" " tag="300">
		<subfield code="a">
			online resource (8, 8, 8 pages)
		</subfield>
	</datafield>
	<datafield ind1=" " ind2=" " tag="336">
		<subfield code="a">
			text
		</subfield>
		<subfield code="2">
			rdacontent
		</subfield>
	</datafield>
	<datafield ind1=" " ind2=" " tag="337">
		<subfield code="a">
			computer
		</subfield>
		<subfield code="2">
			rdamedia
		</subfield>
	</datafield>
	<datafield ind1=" " ind2=" " tag="338">
		<subfield code="a">
			online resource
		</subfield>
		<subfield code="2">
			rdacarrier
		</subfield>
	</datafield>
	<datafield ind1=" " ind2=" " tag="500">
		<subfield code="a">
			Title from colophon.
		</subfield>
	</datafield>
	<datafield ind1=" " ind2=" " tag="500">
		<subfield code="6">
			880-06
		</subfield>
		<subfield code="a">
			&quot; ... ilá an tafaḍḍala Subḥānahu bi-fayaḍān raḥmāt khatmihā yawm al-Aḥad Rābiʻ Muḥarram al-ḥarām fātiḥ sanat sitt wa-thalāthīn wa-thalāthimiʼah wa-alf ...&quot;--Page [2].
		</subfield>
	</datafield>
	<datafield ind1=" " ind2=" " tag="500">
		<subfield code="a">
			Part of the Arabic Collections Online (ACO) project, contributed by Princeton University Libraries.
		</subfield>
	</datafield>
	<datafield ind1=" " ind2=" " tag="533">
		<subfield code="a">
			Electronic reproduction.
		</subfield>
		<subfield code="b">
			New York, N.Y. :
		</subfield>
		<subfield code="c">
			New York University,
		</subfield>
		<subfield code="d">
			2015.
		</subfield>
		<subfield code="5">
			NNU
		</subfield>
	</datafield>
	<datafield ind1="1" ind2="0" tag="600">
		<subfield code="6">
			880-07
		</subfield>
		<subfield code="a">
			Ibn ʻĀṣim, Muḥammad ibn Muḥammad,
		</subfield>
		<subfield code="d">
			1359-1426.
		</subfield>
		<subfield code="t">
			Tuḥfat al-ḥukkām fī nukat al-ʻuqūd wa-al-aḥkām.
		</subfield>
	</datafield>
	<datafield ind1=" " ind2="0" tag="650">
		<subfield code="a">
			Contracts (Islamic law)
		</subfield>
	</datafield>
	<datafield ind1=" " ind2="0" tag="650">
		<subfield code="a">
			Judgments (Islamic law)
		</subfield>
	</datafield>
	<datafield ind1=" " ind2="0" tag="650">
		<subfield code="a">
			Malikites.
		</subfield>
	</datafield>
	<datafield ind1="0" ind2="7" tag="630">
		<subfield code="a">
			Tuḥfat al-ḥukkām fī nukat al-ʻuqūd wa-al-aḥkām (Ibn ʻĀṣim, Muḥammad ibn Muḥammad)
		</subfield>
		<subfield code="2">
			fast
		</subfield>
		<subfield code="0">
			(OCoLC)fst01383359
		</subfield>
	</datafield>
	<datafield ind1=" " ind2="7" tag="650">
		<subfield code="a">
			Contracts (Islamic law)
		</subfield>
		<subfield code="2">
			fast
		</subfield>
		<subfield code="0">
			(OCoLC)fst00877008
		</subfield>
	</datafield>
	<datafield ind1=" " ind2="7" tag="650">
		<subfield code="a">
			Judgments (Islamic law)
		</subfield>
		<subfield code="2">
			fast
		</subfield>
		<subfield code="0">
			(OCoLC)fst00984620
		</subfield>
	</datafield>
	<datafield ind1=" " ind2="7" tag="650">
		<subfield code="a">
			Malikites.
		</subfield>
		<subfield code="2">
			fast
		</subfield>
		<subfield code="0">
			(OCoLC)fst01006724
		</subfield>
	</datafield>
	<datafield ind1="2" ind2=" " tag="710">
		<subfield code="a">
			Princeton University.
		</subfield>
		<subfield code="b">
			Library.
		</subfield>
	</datafield>
	<datafield ind1="0" ind2=" " tag="730">
		<subfield code="a">
			Arabic Collections Online.
		</subfield>
	</datafield>
	<datafield ind1="0" ind2="8" tag="776">
		<subfield code="i">
			Print version:
		</subfield>
		<subfield code="a">
			Manyārī, Muḥammad Lamufaḍḍal bin Laghimārī.
		</subfield>
		<subfield code="t">
			Khatmat al-faqīh al-ʻallāmah al-mudarris al-Sayyid Muḥammad Lamufaḍḍal bin Laghmārī al-Ḥarīzī al-Manyārī qāḍī qabīlat al-Ziyādīyah ʻalá Tuḥfat al-ḥukkām li-Ibn ʻĀṣim
		</subfield>
		<subfield code="w">
			(NjP)1150219
		</subfield>
		<subfield code="w">
			(OCoLC)37243135
		</subfield>
	</datafield>
	<datafield ind1="4" ind2="0" tag="856">
		<subfield code="u">
			http://hdl.handle.net/2333.1/dv41nw0b
		</subfield>
	</datafield>
	<datafield ind1="1" ind2=" " tag="880">
		<subfield code="6">
			100-01/r
		</subfield>
		<subfield code="a">
			منياري، محمد لمفضل بن لغماري.
		</subfield>
	</datafield>
	<datafield ind1="1" ind2="0" tag="880">
		<subfield code="6">
			240-02/r
		</subfield>
		<subfield code="a">
			ختمة المنياري على تحفة الحكام
		</subfield>
	</datafield>
	<datafield ind1="1" ind2="0" tag="880">
		<subfield code="6">
			245-03/r
		</subfield>
		<subfield code="a">
			ختمة الفقيه العلامة المدرس السيد محمد لمفضل بن لغمارى الحريزى المنيارى قاضى قبيلة الزيادية على تحفة الحكام لابن عاصم.
		</subfield>
	</datafield>
	<datafield ind1="3" ind2="0" tag="880">
		<subfield code="6">
			246-04/r
		</subfield>
		<subfield code="a">
			ختمة على تحفة الحكام
		</subfield>
	</datafield>
	<datafield ind1=" " ind2=" " tag="880">
		<subfield code="6">
			260-05/r
		</subfield>
		<subfield code="a">
			[فاس :
		</subfield>
		<subfield code="b">
			د.ن.،
		</subfield>
		<subfield code="c">
			بين 1917 و1930]
		</subfield>
	</datafield>
	<datafield ind1=" " ind2=" " tag="880">
		<subfield code="6">
			500-06/r
		</subfield>
		<subfield code="a">
			&quot; ... الى ان تفضل سبحانه بفيضان رحمات ختمها يوم الاحد رابع محرم الحرام فاتح سنة ست وثلاثين وثلاثمائة والف ...&quot;--ص. [2].
		</subfield>
	</datafield>
	<datafield ind1="1" ind2="4" tag="880">
		<subfield code="6">
			600-07/r
		</subfield>
		<subfield code="a">
			ابن عاصم، محمد بن محمد،,
		</subfield>
		<subfield code="d">
			1359-1426.
		</subfield>
		<subfield code="t">
			تحفة الحكام في نكت العقود والأحكام.
		</subfield>
	</datafield>
	<datafield ind1=" " ind2=" " tag="959">
		<subfield code="a">
			NNU
		</subfield>
		<subfield code="b">
			WEB
		</subfield>
		<subfield code="c">
			GENI
		</subfield>
		<subfield code="t">
			0
		</subfield>
		<subfield code="m">
			Electronic access
		</subfield>
		<subfield code="s">
			01
		</subfield>
	</datafield>
	<datafield ind1=" " ind2=" " tag="999">
		<subfield code="i">
			NjP_1150219
		</subfield>
		<subfield code="o">
			(OCoLC)ocm37243135 
		</subfield>
		<subfield code="s">
			princeton_aco000015
		</subfield>
	</datafield>
</record>
